@INPROCEEDINGS{5874598,
  author={Merabet, Adel and Thongam, Jogendra and Gu, Jason},
  booktitle={2011 10th International Conference on Environment and Electrical Engineering}, 
  title={Torque and pitch angle control for variable speed wind turbines in all operating regimes}, 
  year={2011},
  volume={},
  number={},
  pages={1-5},
  doi={10.1109/EEEIC.2011.5874598}}

@INPROCEEDINGS{5160195,
  author={Pao, Lucy Y. and Johnson, Kathryn E.},
  booktitle={2009 American Control Conference}, 
  title={A tutorial on the dynamics and control of wind turbines and wind farms}, 
  year={2009},
  volume={},
  number={},
  pages={2076-2089},
  doi={10.1109/ACC.2009.5160195}}

@Article{pr10112302,
AUTHOR = {Rajendran, Saravanakumar and Diaz, Matias and Cárdenas, Roberto and Espina, Enrique and Contreras, Emilio and Rodriguez, Jose},
TITLE = {A Review of Generators and Power Converters for Multi-MW Wind Energy Conversion Systems},
JOURNAL = {Processes},
VOLUME = {10},
YEAR = {2022},
NUMBER = {11},
ARTICLE-NUMBER = {2302},
URL = {https://www.mdpi.com/2227-9717/10/11/2302},
ISSN = {2227-9717},
DOI = {10.3390/pr10112302}
}

@misc{DTU_Wind_Energy_Report-I-0092,
title = "The DTU 10-MW Reference Wind Turbine",
author = "Christian Bak and Frederik Zahle and Robert Bitsche and Taeseong Kim and Anders Yde and Henriksen, {Lars Christian} and Hansen, {Morten Hartvig} and Blasques, {Jos{\'e} Pedro Albergaria Amaral} and Mac Gaunaa and Anand Natarajan",
year = "2013",
language = "English",
note = "Danish Wind Power Research 2013 ; Conference date: 27-05-2013 Through 28-05-2013",
}

@INPROCEEDINGS{10-MW_Direct-Drive_PMSG-Based_Wind_Energy_Conversion_System_Model,
  author={Fisch, Leandro Benhur Klinger and Heldwein, Marcelo Lobo},
  booktitle={2020 IEEE 21st Workshop on Control and Modeling for Power Electronics (COMPEL)}, 
  title={10-MW Direct-Drive PMSG-Based Wind Energy Conversion System Model}, 
  year={2020},
  volume={},
  number={},
  pages={1-8},
  doi={10.1109/COMPEL49091.2020.9265784}}

@book{Olimpo_Anaya‐Lara,
  title={Offshore Wind Energy Technology},
  author={Anaya-Lara, O. and Tande, J.O. and Uhlen, K. and Merz, K.},
  year={2018},
  publisher={Wiley},
  editor={Wiley}
}

@article{Variable-speed_Variable-pitch_control_for_a_wind_t,
author = {Fontanella, Alessandro and Taruffi, Federico and Bayati, Ilmas and Belloli, Marco},
year = {2019},
month = {10},
pages = {012002},
title = {Variable-speed Variable-pitch control for a wind turbine scale model},
volume = {1356},
journal = {Journal of Physics: Conference Series},
doi = {10.1088/1742-6596/1356/1/012002}
}

@misc{the_switch_datasheet,
title={The switch PMM 1500 datasheet},
notes={url={https://theswitch.com/wp-content/uploads/2016/08/1500.pdf}, Last access: 2023-01-07}
}

@article{SMILDEN2016386,
title = {Reduced Order Model for Control Applications in Offshore Wind Turbines},
journal = {IFAC-PapersOnLine},
volume = {49},
number = {23},
pages = {386-393},
year = {2016},
note = {10th IFAC Conference on Control Applications in Marine SystemsCAMS 2016},
issn = {2405-8963},
doi = {https://doi.org/10.1016/j.ifacol.2016.10.435},
url = {https://www.sciencedirect.com/science/article/pii/S2405896316320237},
author = {Emil Smilden and Jan-Tore H. Horn and Asgeir J. Sørensen and Jørgen Amdahl}
}

@book{DTU_Wind_Energy_E_0028,
title = "Basic DTU Wind Energy controller",
keywords = "DTU-Wind-Energy-E-0028, DTU-Wind-Energy-Report-E-0028",
author = "Hansen, {Morten Hartvig} and Henriksen, {Lars Christian}",
note = "Contract Number: EUDP project Light Rotor; Project Number 46-43028-Xwp3 The report number is DTU-Wind-Energy-Report-E-0028 and not DTU-Wind-Energy-Report-E-0018 as stated inside the report",
year = "2013",
language = "English",
series = "DTU Wind Energy E",
number = "0028",
publisher = "DTU Wind Energy",
address = "Denmark",
}

@article{NREL_5MW_reference,
title = {Definition of a 5-MW Reference Wind Turbine for Offshore System Development},
author = {Jonkman, J and Butterfield, S and Musial, W and Scott, G},
doi = {10.2172/947422},
url = {https://www.osti.gov/biblio/947422}, 
journal = {},
number = {},
volume = {},
place = {United States},
year = {2009},
month = {2}
}

@article{Wind_Energy_Technology_Current_Status_and_RD_Futur,
author = {Thresher, Robert and Robinsion, M. and Veers, Paul},
year = {2008},
month = {05},
pages = {},
title = {Wind Energy Technology: Current Status and R\&D Future}
}

@misc{European_offshore_statistics_2012, 
title = {The European offshore wind industry-key trends and statistics 2012},
author = {The European wind energy association},
year = {2013},
note = {\url{https://www.ewea.org/fileadmin/files/library/publications/statistics/European_offshore_statistics_2012.pdf}}
}

@book{Aerodynamics_of_wind_turbines,
  title     = {Aerodynamics of Wind Turbines},
  author    = {Hansen, Martin},
  year      = {2015},
  publisher = {Routledge}
}

@article{1-s2.0-S0040162519313691-main,
title = {Wind turbine technology battles: Gearbox versus direct drive - opening up the black box of technology characteristics},
journal = {Technological Forecasting and Social Change},
volume = {153},
pages = {119933},
year = {2020},
issn = {0040-1625},
doi = {https://doi.org/10.1016/j.techfore.2020.119933},
url = {https://www.sciencedirect.com/science/article/pii/S0040162519313691},
author = {Geerten {van de Kaa} and Martijn {van Ek} and Linda M. Kamp and Jafar Rezaei}
}

@article{NREL_15MW,
title = {IEA Wind TCP Task 37: Definition of the IEA 15-Megawatt Offshore Reference Wind Turbine},
author = {Gaertner, Evan and Rinker, Jennifer and Sethuraman, Latha and Zahle, Frederik and Anderson, Benjamin and Barter, Garrett E and Abbas, Nikhar J and Meng, Fanzhong and Bortolotti, Pietro and Skrzypinski, Witold and Scott, George N and Feil, Roland and Bredmose, Henrik and Dykes, Katherine and Shields, Matthew and Allen, Christopher and Viselli, Anthony},
doi = {10.2172/1603478},
url = {https://www.osti.gov/biblio/1603478}, journal = {},
place = {United States},
year = {2020},
month = {3}
}

@article{review_of_scaling_low,
author = {Sergiienko, Nataliia and Souza Pinheiro Da Silva, Leandro and Bachynski-Polić, Erin and Cazzolato, Ben and Arjomandi, Maziar and Ding, Boyin},
year = {2022},
month = {07},
pages = {112477},
title = {Review of scaling laws applied to floating offshore wind turbines},
volume = {162},
journal = {Renewable and Sustainable Energy Reviews},
doi = {10.1016/j.rser.2022.112477}
}

@article{ris_r_1500,
author = {Hansen, Morten and Anca, Daniela and Larsen, Torben and Stig, O and Sorensen, Poul and Fuglsang, P},
year = {2005},
month = {01},
pages = {},
title = {Control Design for a Pitch-Regulated, Variable Speed Wind Turbine}
}

@article{Galinos_2019,
doi = {10.1088/1742-6596/1222/1/012020},
url = {https://dx.doi.org/10.1088/1742-6596/1222/1/012020},
year = {2019},
month = {may},
publisher = {IOP Publishing},
volume = {1222},
number = {1},
pages = {012020},
author = {Christos Galinos and Albert M. Urbán and Wai Hou Lio},
title = {Optimised de-rated wind turbine response and loading through extended controller gain-scheduling},
journal = {Journal of Physics: Conference Series}
}


@inproceedings{Burman2011IntegratingRE,
  title={Integrating Renewable Energy into the Transmission and Distribution System of the U. S. Virgin Islands},
  author={Kari Burman and Daniel R. Olis and Vahan Gevorgian and Adam Warren and R. Butt and Peter D. Lilienthal and John Glassmire},
  year={2011},
  url={https://api.semanticscholar.org/CorpusID:109764595}
}

@article{current_staus_and_future_trends_of_offshore_wind_power_in_europe,
title = {Current status and future trends of offshore wind power in Europe},
journal = {Energy},
volume = {202},
pages = {117787},
year = {2020},
issn = {0360-5442},
doi = {https://doi.org/10.1016/j.energy.2020.117787},
url = {https://www.sciencedirect.com/science/article/pii/S036054422030894X},
author = {Emanuel P.P. Soares-Ramos and Lais {de Oliveira-Assis} and Raúl Sarrias-Mena and Luis M. Fernández-Ramírez}
}

@misc{wind_europe_data_2022,
title={Wind energy in Europe: 2022 Statistics and the outlook for 2023-2027},
notes={url={https://windeurope.org/intelligence-platform/product/wind-energy-in-europe-2022-statistics-and-the-outlook-for-2023-2027/#overview}, Last access: 2023-08-01}
}

@misc{il_post,
title={Il Post, Ci sono voluti 14 anni per finire il primo impianto eolico nel mare italiano},
notes={url={https://www.ilpost.it/2022/04/21/parco-eolico-mare-taranto/}, Last access: 2023-08-01}
}

% modularity
@INPROCEEDINGS{7695592,
  author={Shipurkar, Udai and Polinder, Henk and Ferreira, Jan A.},
  booktitle={2016 18th European Conference on Power Electronics and Applications (EPE'16 ECCE Europe)}, 
  title={Modularity in wind türbine generator systems — Opportunities and challenges}, 
  year={2016},
  volume={},
  number={},
  pages={1-10},
  doi={10.1109/EPE.2016.7695592}}

@article{HANSEN2006285,
title = {State of the art in wind turbine aerodynamics and aeroelasticity},
journal = {Progress in Aerospace Sciences},
volume = {42},
number = {4},
pages = {285-330},
year = {2006},
issn = {0376-0421},
doi = {https://doi.org/10.1016/j.paerosci.2006.10.002},
url = {https://www.sciencedirect.com/science/article/pii/S0376042106000649},
author = {M.O.L. Hansen and J.N. Sørensen and S. Voutsinas and N. Sørensen and H.Aa. Madsen}
}


@Article{en15186700,
AUTHOR = {Bensalah, Amina and Barakat, Georges and Amara, Yacine},
TITLE = {Electrical Generators for Large Wind Turbine: Trends and Challenges},
JOURNAL = {Energies},
VOLUME = {15},
YEAR = {2022},
NUMBER = {18},
ARTICLE-NUMBER = {6700},
URL = {https://www.mdpi.com/1996-1073/15/18/6700},
ISSN = {1996-1073},
DOI = {10.3390/en15186700}
}

@misc{gamesa_life_turbine,
title={Prolong the lifetime of your wind turbines},
notes={url={https://www.siemensgamesa.com/-/media/siemensgamesa/downloads/en/products-and-services/services/life-extension/siemens-gamesa-wind-service-life-extension-flyer-en.pdf}, Last access: 2023-09-10}
}

@misc{brake_dromstorre,
title={Wind Turbine Safety},
notes={url={http://xn--drmstrre-64ad.dk/wp-content/wind/miller/windpower\%20web/en/tour/wtrb/safety.htm#:~:text=The\%20primary\%20braking\%20system\%20for,the\%20rotor\%20blade\%20tips\%2090}, Last access: 2023-09-10}
}

@article{brake_wiley,
author = {Chen, Wenting and Wang, Xiaoyun and Zhang, Fusen and Liu, Hongwei and Lin, Yonggang},
title = {Review of the application of hydraulic technology in wind turbine},
journal = {Wind Energy},
volume = {23},
number = {7},
pages = {1495-1522},
doi = {https://doi.org/10.1002/we.2506},
url = {https://onlinelibrary.wiley.com/doi/abs/10.1002/we.2506},
eprint = {https://onlinelibrary.wiley.com/doi/pdf/10.1002/we.2506},
year = {2020}
}

@article{Kim_2014,
doi = {10.1088/1742-6596/524/1/012086},
url = {https://dx.doi.org/10.1088/1742-6596/524/1/012086},
year = {2014},
month = {jun},
publisher = {},
volume = {524},
number = {1},
pages = {012086},
author = {M-G Kim and P H Dalhoff},
title = {Yaw Systems for wind turbines – Overview of concepts, current challenges and design methods},
journal = {Journal of Physics: Conference Series}
}

@article{Grasso_2016,
doi = {10.1088/1742-6596/753/2/022008},
url = {https://dx.doi.org/10.1088/1742-6596/753/2/022008},
year = {2016},
month = {sep},
publisher = {IOP Publishing},
volume = {753},
number = {2},
pages = {022008},
author = {F Grasso and D P Coiro and N Bizzarrini and G Calise},
title = {Design of advanced airfoil for stall-regulated wind turbines},
journal = {Journal of Physics: Conference Series}
}

@article{VLAD2010305,
title = {Output power maximization of low-power wind energy conversion systems revisited: Possible control solutions},
journal = {Energy Conversion and Management},
volume = {51},
number = {2},
pages = {305-310},
year = {2010},
issn = {0196-8904},
doi = {https://doi.org/10.1016/j.enconman.2009.09.026},
url = {https://www.sciencedirect.com/science/article/pii/S019689040900380X},
author = {Ciprian Vlad and Iulian Munteanu and Antoneta Iuliana Bratcu and Emil Ceangă}
}

@article{9535421,
  author={Tang, Zhongting and Yang, Yongheng and Blaabjerg, Frede},
  journal={CSEE Journal of Power and Energy Systems}, 
  title={Power electronics: The enabling technology for renewable energy integration}, 
  year={2022},
  volume={8},
  number={1},
  pages={39-52},
  doi={10.17775/CSEEJPES.2021.02850}}

@misc{rauters,
title={EU Parliament passes bill hiking renewable energy targets},
notes={url={https://www.reuters.com/markets/europe/eu-lawmakers-pass-bill-hiking-renewable-energy-targets-2023-09-12/#:~:text=The%20law%20significantly%20raises%20the,32%25%20target%20for%20that%20date.}, Last access: 2023-10-17}
}

@misc{EU_targets,
title={Renewable energy targets},
notes={url={https://energy.ec.europa.eu/topics/renewable-energy/renewable-energy-directive-targets-and-rules/renewable-energy-targets_en}, Last access: 2023-10-17}
}

@misc{ren_share,
title={Share of energy consumption from renewable sources in Europe - 8th EAP},
notes={url={https://www.eea.europa.eu/ims/share-of-energy-consumption-from#:~:text=Among\%20renewable\%20energy\%20sources\%2C\%20the,\%25)\%20and\%20biogas\%20(6\%25).}, Last access: 2023-10-17}
}

  