@INPROCEEDINGS{5874598,
  author={Merabet, Adel and Thongam, Jogendra and Gu, Jason},
  booktitle={2011 10th International Conference on Environment and Electrical Engineering}, 
  title={Torque and pitch angle control for variable speed wind turbines in all operating regimes}, 
  year={2011},
  volume={},
  number={},
  pages={1-5},
  doi={10.1109/EEEIC.2011.5874598}}

@INPROCEEDINGS{5160195,
  author={Pao, Lucy Y. and Johnson, Kathryn E.},
  booktitle={2009 American Control Conference}, 
  title={A tutorial on the dynamics and control of wind turbines and wind farms}, 
  year={2009},
  volume={},
  number={},
  pages={2076-2089},
  doi={10.1109/ACC.2009.5160195}}

@Article{pr10112302,
AUTHOR = {Rajendran, Saravanakumar and Diaz, Matias and CÃ¡rdenas, Roberto and Espina, Enrique and Contreras, Emilio and Rodriguez, Jose},
TITLE = {A Review of Generators and Power Converters for Multi-MW Wind Energy Conversion Systems},
JOURNAL = {Processes},
VOLUME = {10},
YEAR = {2022},
NUMBER = {11},
ARTICLE-NUMBER = {2302},
URL = {https://www.mdpi.com/2227-9717/10/11/2302},
ISSN = {2227-9717},
DOI = {10.3390/pr10112302}
}

@misc{DTU_Wind_Energy_Report-I-0092,
title = "The DTU 10-MW Reference Wind Turbine",
author = "Christian Bak and Frederik Zahle and Robert Bitsche and Taeseong Kim and Anders Yde and Henriksen, {Lars Christian} and Hansen, {Morten Hartvig} and Blasques, {Jos{\'e} Pedro Albergaria Amaral} and Mac Gaunaa and Anand Natarajan",
year = "2013",
language = "English",
note = "Danish Wind Power Research 2013 ; Conference date: 27-05-2013 Through 28-05-2013",
}


